% Encoding: UTF-8

@Book{rovelli2020helgoland,
  author    = {Rovelli, Carlo},
  publisher = {allen lane},
  title     = {Helgoland},
  year      = {2020},
  note      = {The book can be borrowed from me once we are out of lockdown.},
}

@Article{heisenberg1925quantum,
  author  = {Heisenberg, Werner},
  journal = {Z. Phys},
  title   = {Quantum-theoretical re-interpretation of kinematic and mechanical relations},
  year    = {1925},
  pages   = {879--893},
  volume  = {33},
}

@Article{rovelli2018space,
  author    = {Rovelli, Carlo},
  journal   = {Philosophical Transactions of the Royal Society A: Mathematical, Physical and Engineering Sciences},
  title     = {Space is blue and birds fly through it},
  year      = {2018},
  note      = url #{https://royalsocietypublishing.org/doi/10.1098/rsta.2017.0312},
  number    = {2123},
  pages     = {20170312},
  volume    = {376},
  publisher = {The Royal Society Publishing},
}

@InCollection{sep-qm-relational,
  author    = {Laudisa, Federico and Rovelli, Carlo},
  booktitle = {The {Stanford} Encyclopedia of Philosophy},
  publisher = {Metaphysics Research Lab, Stanford University},
  title     = {{Relational Quantum Mechanics}},
  year      = {2021},
  edition   = {{S}pring 2021},
  editor    = {Edward N. Zalta},
  note      = {\url{https://plato.stanford.edu/archives/spr2021/entries/qm-relational/}},
}

@Book{rovelli2011anaximander,
  author = {Rovelli, Carlo},
  title  = {The First Scientist: Anaximander and His Legacy},
}

@Comment{jabref-meta: databaseType:bibtex;}
