% Encoding: UTF-8

@Misc{susskind2009particles,
  author       = {Susskind, Leonard},
  title        = {Particle Physics 1: Basic Concepts},
  howpublished = {\url{http://theoreticalminimum.com/courses/particle-physics-1-basic-concepts/2009/fall}},
  note         = {[Online; accessed 3-December-2019]},
}

@Book{susskind2014quantum,
  title     = {Quantum mechanics: The theoretical minimum},
  publisher = {Basic Books},
  year      = {2014},
  author    = {Susskind, Leonard and Friedman, Art},
}

@Misc{susskind2010standard,
  author       = {Susskind, Leonard},
  title        = {Particle Physics 2: Standard Model},
  howpublished = {\url{http://theoreticalminimum.com/courses/particle-physics-2-standard-model/2010/winter}},
  note         = {[Online; accessed 5-December-2019]},
}

@Misc{susskind2010demystifing,
  author       = {Susskind, Leonard},
  title        = {Demystifying the Higgs Boson},
  howpublished = {\url{http://theoreticalminimum.com/courses/higgs-boson/2012/summer/lecture-1}},
  note         = {[Online; accessed 6-December-2019]},
}

@Book{susskind2017special,
  title     = {Special Relativity and Classical Field Theory},
  publisher = {Penguin UK},
  year      = {2017},
  author    = {Susskind, Leonard and Friedman, Art},
}

@Misc{susskind2010supersymmetry,
  author       = {Susskind, Leonard},
  title        = {Particle Physics 3: Supersymmetry and Grand Unification},
  howpublished = {\url{http://theoreticalminimum.com/courses/particle-physics-3-supersymmetry-and-grand-unification/2010/spring}},
  note         = {[Online; accessed 15-December-2019]},
}

@Article{ellis2016tikz,
  author  = {Ellis, Joshua},
  title   = {TikZ-Feynman: Feynman diagrams with TikZ},
  journal = {arXiv preprint arXiv:1601.05437},
  year    = {2016},
}

@Misc{susskind2013advanced,
  author       = {Susskind, Leonard},
  title        = {Advanced Quantum Mechanics},
  howpublished = {\url{http://theoreticalminimum.com/courses/advanced-quantum-mechanics/2013/fall}},
  note         = {[Online; accessed 20-December-2019]},
}

@Misc{susskind2007theoretical,
  author       = {Susskind, Leonard},
  title        = {The Theoretical Minimum},
  howpublished = {\url{http://theoreticalminimum.com/home}},
  note         = {[Online; accessed 21-December-2019]},
}

@Misc{wiki:fock,
  author       = {{Wikipedia contributors}},
  title        = {Fock space --- {Wikipedia}{,} The Free Encyclopedia},
  howpublished = {\url{https://en.wikipedia.org/w/index.php?title=Fock_space&oldid=930201770}},
  year         = {2019},
  note         = {[Online; accessed 6-January-2020]},
}

@Article{aharonov1967observability,
  author    = {Aharonov, Yakir and Susskind, Leonard},
  title     = {Observability of the sign change of spinors under 2 $\pi$ rotations},
  journal   = {Physical Review},
  year      = {1967},
  volume    = {158},
  number    = {5},
  pages     = {1237},
  publisher = {APS},
}

@Misc{meredith2018helicity,
  author       = {Meredith, Logan},
  title        = {Helicity, chirality, and the Dirac equation in the non-relativistic limit},
  howpublished = {\url{https://www.pas.rochester.edu/assets/pdf/undergraduate/helicity_chirality_and_the_dirac_equation_in_the_non-relativistic_limit.pdf}},
  year         = {2018},
  note         = {[Online; accessed 15-January-2020]},
}

@Book{susskind2013quantum,
  title     = {The Theoretical Minimum: What You Need to Know to Start Doing Physics},
  publisher = {Basic Books},
  year      = {2013},
  author    = {Susskind, Leonard and Hrabovsky, George},
}

@Misc{susskind2012general,
  author       = {Susskind, Leonard},
  title        = {General Relativity},
  howpublished = {\url{http://theoreticalminimum.com/courses/general-relativity/2012/fall}},
  note         = {[Online; accessed 7-February-2020]},
}

@Article{akhmedov2016lectures,
  author  = {Akhmedov, Emil T},
  title   = {Lectures on General Theory of Relativity},
  journal = {arXiv preprint arXiv:1601.04996},
  year    = {2016},
}

@Book{Adler1965Introduction,
  title     = {Introduction to general relativity},
  publisher = {New York: McGraw-Hill.},
  year      = {1965},
  author    = {Adler, Ronald and Bazin, Maurice and Schiffer, Menahem},
}

@Misc{susskind2013inside,
  author       = {Susskind, Leonard},
  title        = {Inside Black Holes},
  howpublished = {\url{https://www.youtube.com/watch?v=yMRYZMv0jREl}},
}

@Misc{wiki:jacob:bekenstein,
  author       = {{Wikipedia contributors}},
  title        = {Jacob Bekenstein --- {Wikipedia}{,} The Free Encyclopedia},
  howpublished = {\url{https://en.wikipedia.org/w/index.php?title=Jacob_Bekenstein&oldid=932844059}},
  year         = {2019},
  note         = {[Online; accessed 12-March-2020]},
}

@Article{hawking1975particle,
  author    = {Hawking, Stephen W},
  title     = {Particle creation by black holes},
  journal   = {Communications in mathematical physics},
  year      = {1975},
  volume    = {43},
  number    = {3},
  pages     = {199--220},
  publisher = {Springer},
}

@Misc{susskind2013statistical,
  author       = {Susskind, Leonard},
  title        = {General Relativity},
  howpublished = {\url{http://theoreticalminimum.com/courses/statistical-mechanics/2013/spring}},
  note         = {[Online; accessed 13-March-2020]},
}

@Article{Yang_2006,
  author    = {Yang, Dong},
  title     = {A simple proof of monogamy of entanglement},
  journal   = {Physics Letters A},
  year      = {2006},
  volume    = {360},
  number    = {2},
  pages     = {249â€“250},
  month     = {Dec},
  issn      = {0375-9601},
  doi       = {10.1016/j.physleta.2006.08.027},
  publisher = {Elsevier BV},
  url       = {http://dx.doi.org/10.1016/j.physleta.2006.08.027},
}

@Misc{susskind2011hologram,
  author       = {Susskind, Leonard},
  title        = {The World as {H}ologram},
  howpublished = {\url{https://www.youtube.com/watch?v=2DIl3Hfh9tY}},
  note         = {[Online; accessed 14-March-2020]},
}

@Comment{jabref-meta: databaseType:bibtex;}
